@misc{Arndt_Gronmo_1977,
    title={The time dimension of shopping behavior: Some empirical findings: ACR},
    url={https://www.acrwebsite.org/volumes/9359/volumes/v04/NA-04},
    journal={ACR North American Advances},
    author={Arndt, Johan and Gronmo, Sigmund},
    year={1977},
    month={Jan}
} 

@misc{Bawa_Sinha_Kant_2019,
    title={Emerging mall culture and shopping behavior of young consumers},
    url={https://www.scirp.org/journal/paperinformation?paperid=93089},
    journal={SCIRP},
    publisher={Scientific Research Publishing},
    author={Bawa, Ramandeep and Sinha, Anil Kishore and Kant, Rita},
    year={2019},
    month={Jun}
} 

@misc{Rodgers_2023,
    title={Grocery Store Statistics: Where, when, \& how much people grocery shop}, url={https://www.driveresearch.com/market-research-company-blog/grocery-store-statistics-where-when-how-much-people-grocery-shop/},
    journal={Full-Service Market Research Company},
    publisher={Drive Research},
    author={Rodgers, Emily},
    year={2023},
    month={Apr}
} 

@misc{Peringer_2023,
    title={Modelování a simulace},
    url={http://www.fit.vutbr.cz/study/courses/IMS/public/prednasky/IMS.pdf},
    publisher={Vysoké učení technické v Brně, Fakulta informačních technologií},
    author={Petr Periger and Martin Hrubý},
    year={2023},
    month={Sep}
}

@misc{pinkikrjad_2023,
    title={Introduction to linked list - data structure and algorithm tutorials},
    url={https://www.geeksforgeeks.org/introduction-to-linked-list-data-structure-and-algorithm-tutorial/},
    journal={GeeksforGeeks},
    publisher={GeeksforGeeks},
    author={pinkikrjad},
    year={2023},
    month={Nov}
} 

@misc{Kumar_2023,
    title={Graph plotting in Python: Set 1},
    url={https://www.geeksforgeeks.org/graph-plotting-in-python-set-1/},
    journal={GeeksforGeeks},
    publisher={GeeksforGeeks},
    author={Kumar, Nikhil},
    year={2023},
    month={Jul}
} 

@misc{France_2022,
    title={What are the dimensions of a parking space?},
    url={https://www.interparking-france.com/en/what-are-the-dimensions-of-a-parking-space/},
    journal={Interparking France},
    year={2022},
    month={May}
} 
